@article{shu2008nettopo,
	title={NetTopo: beyond simulator and visualizer for wireless sensor networks},
	author={Shu, Lei and Wu, Chun and Zhang, Yan and Chen, Jiming and Wang, Lei and Hauswirth, Manfred},
	journal={ACM SIGBED Review},
	volume={5},
	number={3},
	pages={2},
	year={2008},
	publisher={ACM}
}

@inproceedings{yuan2011balanced,
	title={A balanced energy consumption sleep scheduling algorithm in wireless sensor networks},
	author={Yuan, Zhuxiu and Wang, Lei and Shu, Lei and Hara, Takahiro and Qin, Zhenquan},
	booktitle={Wireless Communications and Mobile Computing Conference (IWCMC), 2011 7th International},
	pages={831--835},
	year={2011},
	organization={IEEE}
}

@inproceedings{ma2010netviewer,
	title={Netviewer: A universal visualization tool for wireless sensor networks},
	author={Ma, Longhui and Wang, Lei and Shu, Lei and Zhao, Jing and Li, Suran and Yuan, Zhuxiu and Ding, Ning},
	booktitle={2010 IEEE Global Telecommunications Conference GLOBECOM 2010},
	pages={1--5},
	year={2010},
	organization={IEEE}
}

@article{zhu2014survey,
	title={A survey on communication and data management issues in mobile sensor networks},
	author={Zhu, Chunsheng and Shu, Lei and Hara, Takahiro and Wang, Lei and Nishio, Shojiro and Yang, Laurence T},
	journal={Wireless Communications and Mobile Computing},
	volume={14},
	number={1},
	pages={19--36},
	year={2014},
	publisher={Wiley Online Library}
}

@inproceedings{shu2009cross,
	title={Cross-layer optimized data gathering in wireless multimedia sensor networks},
	author={Shu, Lei and Hauswirth, Manfred and Wang, Lei and Zhang, Yan and Park, Jong Hyuk},
	booktitle={2009 International Conference on Computational Science and Engineering},
	volume={2},
	pages={961--966},
	year={2009},
	organization={IEEE}
}

@article{lin2010multi,
	title={Multi-attribute data fusion for energy equilibrium routing in wireless sensor networks},
	author={Lin, Kai and Wang, Lei and Li, Keqiu and Shu, Lei},
	journal={KSII Transactions on Internet and Information Systems (TIIS)},
	volume={4},
	number={1},
	pages={5--24},
	year={2010}
}

@inproceedings{shu2010impacts,
	title={Impacts of duty-cycle on TPGF geographical multipath routing in wireless sensor networks},
	author={Shu, Lei and Yuan, Zhuxiu and Hara, Takahiro and Wang, Lei and Zhang, Yan},
	booktitle={2010 IEEE 18th International Workshop on Quality of Service (IWQoS)},
	pages={1--2},
	year={2010},
	organization={IEEE}
}

@inproceedings{zhu2010research,
	title={Research issues on mobile sensor networks},
	author={Zhu, Chunsheng and Shu, Lei and Hara, Takahiro and Wang, Lei and Nishio, Shojiro},
	booktitle={2010 5th International ICST Conference on Communications and Networking in China},
	pages={1--6},
	year={2010},
	organization={IEEE}
}

@inproceedings{wang2010geographic,
	title={Geographic routing in random duty-cycled wireless multimedia sensor networks},
	author={Wang, Kun and Wang, Lei and Ma, Can and Shu, Lei and Rodrigues, Joel},
	booktitle={2010 IEEE Globecom Workshops},
	pages={230--234},
	year={2010},
	organization={IEEE}
}

@inproceedings{chen2011insights,
	title={The Insights of DV-based Localization Algorithms in the Wireless Sensor Networks with Duty-cycled and Radio Irregular Sensors},
	author={Chen, Yuanfang and Shu, Lei and Li, Mingchu and Fan, Ziqi and Wang, Lei and Hara, Takahiro},
	booktitle={Communications (ICC), 2011 IEEE International Conference on},
	pages={1--6},
	year={2011},
	organization={IEEE}
}

@inproceedings{ma2009remote,
	title={A remote monitoring system of IDC room based on ZigBee wireless sensor networks},
	author={Ma, Shuchao and Zhu, Ming and Wang, Lei and Shu, Lei and Li, Suran and Huang, Shumin},
	booktitle={Dependable, Autonomic and Secure Computing, 2009. DASC'09. Eighth IEEE International Conference on},
	pages={782--787},
	year={2009},
	organization={IEEE}
}

@inproceedings{yuan2009backoff,
	title={A backoff copying scheme for contention resolution in wireless sensor networks},
	author={Yuan, Zhuxiu and Xue, Cuiyao and Wang, Lei and Chen, Yuanfang and Sun, Weiping and Shu, Lei},
	booktitle={Proceedings of the 4th ACM international workshop on Experimental evaluation and characterization},
	pages={81--82},
	year={2009},
	organization={ACM}
}

@inproceedings{chen2009proportional,
	title={A proportional fair backoff scheme for wireless sensor networks},
	author={Chen, Yuanfang and Li, Mingchu and Wang, Lei and Yuan, Zhuxiu and Sun, Weiping and Zhu, Chunsheng and Zhu, Ming and Shu, Lei},
	booktitle={Mobile Adhoc and Sensor Systems, 2009. MASS'09. IEEE 6th International Conference on},
	pages={971--976},
	year={2009},
	organization={IEEE}
}

@inproceedings{zhao2010survey,
	title={A survey of congestion control mechanisms in wireless sensor networks},
	author={Zhao, Jing and Wang, Lei and Li, Suran and Liu, Xiaokang and Yuan, Zhuxiu and Gao, Zhengjiu},
	booktitle={2010 Sixth International Conference on Intelligent Information Hiding and Multimedia Signal Processing},
	pages={719--722},
	year={2010},
	organization={IEEE}
}

@article{shu2003adaptive,
	title={Adaptive routing in ad hoc networks},
	author={Shu, Yantai and Yang, Oliver and Wang, Lei},
	journal={Mohammand llyas. The Handbook of Ad Hoc Wireless Networks},
	year={2003},
	publisher={Washing, DC: CRC press}
}

@article{shu2002multipath,
	title={Multipath source routing in wireless ad hoc networks},
	author={Shu, Y-t and Gao, D-y and Wang, Lei},
	journal={ACTA Electronica Sinica},
	volume={30},
	number={2},
	pages={279--282},
	year={2002},
	publisher={CHINESE INSTITUTE OF ELECRONICS BEIJING}
}

@inproceedings{wang2000study,
	title={A study of measurement-based Web prefetch control},
	author={Wang, Lei and Zhang, Lianfang and Shu, Yantai and Dong, Miao and Yang, Oliver WW},
	booktitle={2000 Canadian Conference on Electrical and Computer Engineering. Conference Proceedings. Navigating to a New Era (Cat. No. 00TH8492)},
	volume={1},
	pages={204--208},
	year={2000},
	organization={IEEE}
}

@inproceedings{wang2003multipath,
	title={Multipath bandwidth splitting reservation in ad hoc networks},
	author={Wang, Guanghong and Shu, Yantai and Fan, Yongjie and Wang, Lei and Yang, Oliver WW},
	booktitle={14th IEEE Proceedings on Personal, Indoor and Mobile Radio Communications, 2003. PIMRC 2003.},
	volume={3},
	pages={2621--2625},
	year={2003},
	organization={IEEE}
}

@inproceedings{wang2000multipath,
	title={Multipath source routing in wireless ad hoc networks},
	author={Wang, Lei and Zhang, Lianfang and Shu, Yantai and Dong, Miao},
	booktitle={2000 Canadian Conference on Electrical and Computer Engineering. Conference Proceedings. Navigating to a New Era (Cat. No. 00TH8492)},
	volume={1},
	pages={479--483},
	year={2000},
	organization={IEEE}
}

@inproceedings{wang2001adaptive,
	title={Adaptive multipath source routing in ad hoc networks},
	author={Wang, Lei and Shu, Yantai and Dong, Miao and Zhang, Lianfang and Yang, Oliver WW},
	booktitle={ICC 2001. IEEE International Conference on Communications. Conference Record (Cat. No. 01CH37240)},
	volume={3},
	pages={867--871},
	year={2001},
	organization={IEEE}
}

@inproceedings{zhang2002load,
	title={Load balancing of multipath source routing in ad hoc networks},
	author={Zhang, Linifang and Zhao, Zenghua and Shu, Yantai and Wang, Lei and Yang, Oliver WW},
	booktitle={2002 IEEE International Conference on Communications. Conference Proceedings. ICC 2002 (Cat. No. 02CH37333)},
	volume={5},
	pages={3197--3201},
	year={2002},
	organization={IEEE}
}

@inproceedings{shu1999traffic,
	title={Traffic prediction using FARIMA models},
	author={Shu, Yantai and Jin, Zhigang and Zhang, Lianfang and Wang, Lei and Yang, Oliver WW},
	booktitle={1999 IEEE International Conference on Communications (Cat. No. 99CH36311)},
	volume={2},
	pages={891--895},
	year={1999},
	organization={IEEE}
}

@inproceedings{wan2013maximizing,
	title={Maximizing wireless network capacity with linear power: Breaking the logarithmic barrier},
	author={Wan, Peng-Jun and Wang, Lei and Ma, Chao and Wang, Zhu and Xu, Boliu and Li, Minming},
	booktitle={2013 Proceedings IEEE INFOCOM},
	pages={135--139},
	year={2013},
	organization={IEEE}
}

@inproceedings{wan2014least,
	title={From least interference-cost paths to maximum (Concurrent) multiflow in MC-MR wireless networks},
	author={Wan, Peng-Jun and Wang, Zhu and Wang, Lei and Wan, Zhiguo and Ji, Sai},
	booktitle={INFOCOM, 2014 Proceedings IEEE},
	pages={334--342},
	year={2014},
	organization={IEEE}
}

@article{wang2003redundant,
	title={Redundant source routing in ad hoc networks},
	author={Wang, Lei and Chen, Canfeng},
	journal={Internal Technical Document, ITD-03-44902G, Lucent Technologies},
	year={2003}
}

@inproceedings{wang2005redundant,
	title={Redundant source routing for real-time services in ad hoc networks},
	author={Wang, Lei and Jang, Seungho and Lee, Tae-young},
	booktitle={IEEE International Conference on Mobile Adhoc and Sensor Systems Conference, 2005.},
	pages={7--pp},
	year={2005},
	organization={IEEE}
}

@inproceedings{chen2010sfl,
	title={SFL: Energy-Aware Spline Function Localization Scheme for Wireless Sensor Networks},
	author={Chen, Yuanfang and Tang, Shaojie and Li, Xiang-Yang and Kwak, Min Gyung and Wang, Cheng and Wang, Lei},
	booktitle={2010 Sixth International Conference on Mobile Ad-hoc and Sensor Networks},
	pages={116--121},
	year={2010},
	organization={IEEE}
}

@inproceedings{shu2009visualizing,
	title={Visualizing simulation and testbed of wireless sensor networks with NetTopo},
	author={Shu, Lei and Hauswirth, Manfred and Wang, Lei and Yuan, Zhuxiu and Chen, Yuanfang},
	booktitle={Proceedings of the 4th ACM international workshop on Experimental evaluation and characterization},
	pages={99--100},
	year={2009},
	organization={ACM}
}

@inproceedings{yuan2010analysis,
	title={Analysis on capacity and delay for redundant multiple source routing in mobile ad hoc networks},
	author={Yuan, Zhuxiu and Wang, Lei and Meng, Cheng and Liu, Chunlei and Duong, Trung Q and Shu, Lei},
	booktitle={GLOBECOM Workshops (GC Wkshps), 2010 IEEE},
	pages={158--163},
	year={2010},
	organization={IEEE}
}

@inproceedings{huang2010pervasive,
	title={A pervasive simplified method for human movement pattern assessing},
	author={Huang, Mianbo and Zhao, Guoru and Wang, Lei and Yang, Feng},
	booktitle={2010 IEEE 16th International Conference on Parallel and Distributed Systems},
	pages={625--628},
	year={2010},
	organization={IEEE}
}

@article{shu2001internet,
	title={Internet traffic modeling and prediction using FARIMA models},
	author={Shu, Yan Tai and Wang, Lei and Zhang, Lian Fang and Xue, Fei and Jin, Zhi Gang and Yang, O},
	journal={CHINESE JOURNAL OF COMPUTERS-CHINESE EDITION-},
	volume={24},
	number={1},
	pages={46--54},
	year={2001},
	publisher={SCIENCE PRESS}
}

@article{shu2004provisioning,
	title={Provisioning QoS guarantee by multipath routing and reservation in ad hoc networks},
	author={Shu, Yan-Tai and Wang, Guang-Hong and Wang, Lei and Yang, Oliver WW and Fan, Yong-Jie},
	journal={Journal of Computer Science and Technology},
	volume={19},
	number={2},
	pages={128--137},
	year={2004},
	publisher={Springer}
}

@phdthesis{舒炎泰2002无线,
	title={无线 ad hoc 网络中的多径源路由},
	author={舒炎泰 and 高德云 and 王雷},
	year={2002}
}

@inproceedings{zhu2010smac,
	title={SMAC-based proportional fairness backoff scheme in wireless sensor networks},
	author={Zhu, Chunsheng and Chen, Yuanfang and Wang, Lei and Shu, Lei and Zhang, Yan},
	booktitle={Proceedings of the 6th international wireless communications and mobile computing conference},
	pages={138--142},
	year={2010},
	organization={ACM}
}

@inproceedings{zhu2011sleep,
	title={Sleep scheduling towards geographic routing in duty-cycled sensor networks with a mobile sink},
	author={Zhu, Chunsheng and Yang, Laurence T and Shu, Lei and Wang, Lei and Hara, Takahiro},
	booktitle={2011 8th Annual IEEE Communications Society Conference on Sensor, Mesh and Ad Hoc Communications and Networks},
	pages={158--160},
	year={2011},
	organization={IEEE}
}

@inproceedings{fan2011removing,
	title={Removing heavily curved path: Improved dv-hop localization in anisotropic sensor networks},
	author={Fan, Ziqi and Chen, Yuanfang and Wang, Lei and Shu, Lei and Hara, Takahiro},
	booktitle={2011 Seventh International Conference on Mobile Ad-hoc and Sensor Networks},
	pages={75--82},
	year={2011},
	organization={IEEE}
}

@inproceedings{yue2011poster,
	title={Poster: a green solution for intelligent metropolitan heating system with uSDcard},
	author={Yue, Wenlong and Wang, Lei and Zhu, Ming and Qin, Zhenquan and Shu, Lei and Chen, Canfeng},
	booktitle={Proceedings of the 9th international conference on Mobile systems, applications, and services},
	pages={401--402},
	year={2011},
	organization={ACM}
}

@inproceedings{ma2011geographic,
	title={A geographic routing algorithm in duty-cycled sensor networks with mobile sinks},
	author={Ma, Can and Wang, Lei and Xu, Jiaqi and Qin, Zhenquan and Zhu, Ming and Shu, Lei},
	booktitle={2011 Seventh International Conference on Mobile Ad-hoc and Sensor Networks},
	pages={343--344},
	year={2011},
	organization={IEEE}
}

@article{chen2012proportional,
	title={A proportional fairness backoff scheme for funnelling effect in wireless sensor networks},
	author={Chen, Yuanfang and Li, Mingchu and Shu, Lei and Wang, Lei and Hara, Takahiro},
	journal={Transactions on Emerging Telecommunications Technologies},
	volume={23},
	number={6},
	pages={585--597},
	year={2012},
	publisher={Wiley Online Library}
}

@inproceedings{fan2010impacts,
	title={Impacts of duty-cycle and radio irregularity on hcrl localization in wireless sensor networks},
	author={Fan, Ziqi and Chen, Yuanfang and Shu, Lei and Wang, Lei and Hara, Takahiro and Nishio, Shojiro},
	booktitle={Proc. ICNP},
	pages={5--8},
	year={2010}
}

@inproceedings{jin2012fairness,
	title={A fairness-aware smart parking scheme aided by parking lots},
	author={Jin, Cheng and Wang, Lei and Shu, Lei and Feng, Yuyao and Xu, Xueqing},
	booktitle={2012 IEEE International Conference on Communications (ICC)},
	pages={2119--2123},
	year={2012},
	organization={IEEE}
}

@incollection{lin2012data,
	title={Data gathering with Multi-attribute Fusion in Wireless Sensor Networks},
	author={Lin, Kai and Wang, Lei and Shu, Lei and Pathan, Al-Sakib Khan},
	booktitle={Advancements in Distributed Computing and Internet Technologies: Trends and Issues},
	pages={159--181},
	year={2012},
	publisher={IGI Global}
}

@article{wang2012energy,
	title={An Energy-Efficient CKN Algorithm for Duty-Cycled Wireless Sensor Networks},
	author={Wang, Lei and Yuan, Zhuxiu and Shu, Lei and Shi, Liang and Qin, Zhenquan},
	journal={International Journal of Distributed Sensor Networks},
	volume={2012},
	year={2012},
	publisher={Hindawi Publishing Corporation}
}

@article{zhang2009intelligent,
	title={An intelligent and reliable data transmission protocol for highly destructible wireless sensor networks},
	author={Zhang, Yi-Ying and Shu, Lei and Park, Myong-Soon and Wang, Lei and Lee, Eun-Mook},
	journal={Journal of Internet Technology},
	volume={10},
	number={5},
	pages={539--548},
	year={2009}
}

@article{wang2013backoff,
	title={A backoff differentiation scheme for contention resolution in wireless converge-cast networks},
	author={Wang, Lei and Yuan, Zhuxiu and Qin, Zhenquan and Chen, Yuanfang and Shu, Lei and Li, Xiang-Yang},
	journal={Concurrency and Computation: Practice and Experience},
	volume={25},
	number={1},
	pages={112--128},
	year={2013},
	publisher={Wiley Online Library}
}

@inproceedings{shu2013studied,
	title={Studied wind sensor nodes deployment towards accurate data fusion for ship movement controlling},
	author={Shu, Lei and Xiong, Jianbin and Wang, Lei and Niu, Jianwei and Wang, Qinruo},
	booktitle={2013 ACM/IEEE International Conference on Information Processing in Sensor Networks (IPSN)},
	pages={339--340},
	year={2013},
	organization={IEEE}
}

@article{ma2012visualising,
	title={Visualising wireless sensor networks with NetViewer},
	author={Ma, Longhui and Wang, Lei and Shu, Lei and Zhao, Jing and Li, Suran},
	journal={International Journal of Ad Hoc and Ubiquitous Computing},
	volume={10},
	number={1},
	pages={1--11},
	year={2012},
	publisher={Inderscience}
}

@inproceedings{li2011study,
	title={A Study on Relationship Migration among Social Networking Providers},
	author={Li, Suran and Wang, Lei and Qin, Zhenquan and Ming, Zhu and Shu, Lei},
	booktitle={Mobile Ad-hoc and Sensor Networks (MSN), 2011 Seventh International Conference on},
	pages={303--309},
	year={2011},
	organization={IEEE}
}

@inproceedings{yue2013gatewaying,
	title={Gatewaying the wireless sensor networks},
	author={Yue, Wenlong and Zhang, Yuanyuan and Qin, Zhenquan and Zhu, Ming and Jin, Cheng and Wang, Lei and Shu, Lei and Chen, Canfeng},
	booktitle={2013 IEEE 9th International Conference on Mobile Ad-hoc and Sensor Networks},
	pages={61--66},
	year={2013},
	organization={IEEE}
}

@article{cui2013wireless,
	title={Wireless Sensor Networks Based Research Issues in Large-Scale Petrochemical Industries},
	author={Cui, Delong and Shu, Lei and Niu, Jianwei and Wang, Lei},
	journal={Sensor Letters},
	volume={11},
	number={9},
	pages={1675--1680},
	year={2013},
	publisher={American Scientific Publishers}
}

@inproceedings{chen2010scheme,
	title={The scheme of mitigating the asymmetric links problem in wireless sensor networks},
	author={Chen, Yuanfang and Li, Mingchu and Shu, Lei and Wang, Lei and Duong, Trung Q},
	booktitle={GLOBECOM Workshops (GC Wkshps), 2010 IEEE},
	pages={272--276},
	year={2010},
	organization={IEEE}
}

@article{qin2012agile,
	title={Agile Networking in Smart Grids},
	author={Qin, Zhenquan and Zhang, Jianing and Shi, Liang and Wang, Lei and Shu, Lei and Guo, Yuquan},
	journal={IEEK Transactions on Smart Processing \& Computing},
	volume={1},
	number={1},
	pages={34--49},
	year={2012}
}

@inproceedings{chen2010calibration,
	title={A calibration scheme based on pool adjacent violators for localization in wireless sensor networks},
	author={Chen, Yuanfang and Liu, Xiaokang and Wang, Lei and Shu, Lei and Chao, Han-Chieh},
	booktitle={Proceedings of the 6th International Wireless Communications and Mobile Computing Conference},
	pages={726--730},
	year={2010},
	organization={ACM}
}

@inproceedings{chen2009simulation,
	title={Simulation and Testbed Experiments of a Backoff Differentiation Scheme for Sensor Networks},
	author={Chen, Yuanfang and Wang, Lei and Yuan, Zhuxiu and Zhu, Chunsheng and Li, Xiang-Yang and SHU, Lei},
	booktitle={MobiCom'09},
	number={Poster},
	year={2009},
	organization={ACM}
}

@article{xu2012study,
	title={Study of impacts of duty-cycle on overlapping multi-hop clustering in wireless sensor networks},
	author={XU, Jia-qi and WANG, Lei and MA, Can and SHU, Lei},
	journal={The Journal of China Universities of Posts and Telecommunications},
	volume={19},
	pages={19--91},
	year={2012},
	publisher={Elsevier}
}

@inproceedings{liu2011mitigating,
	title={Mitigating Radio Irregularity Impact: An RSSI Calibration Method for Range-Free Localization in Sensor Networks},
	author={Liu, Xiaokang and Wang, Lei and Yuan, Zhuxiu and Chen, Yuanfang and Shu, Lei and Zhu, Chunsheng},
	booktitle={2011 Seventh International Conference on Mobile Ad-hoc and Sensor Networks},
	pages={160--166},
	year={2011},
	organization={IEEE}
}

@inproceedings{ma2013overlapping,
	title={An overlapping clustering approach for routing in Wireless Sensor Networks},
	author={Ma, Can and Wang, Lei and Xu, Jiaqi and Qin, Zhenquan and Shu, Lei and Wu, Di},
	booktitle={Wireless Communications and Networking Conference (WCNC), 2013 IEEE},
	pages={4375--4380},
	year={2013},
	organization={IEEE}
}

@article{lu2014priority,
	title={Priority-based Differentiated Service in Spectrum Mobility Game},
	author={Lu, Bingxian and Qin, Zhenquan and Wang, Lei and Sun, Liang and Zhu, Ming and Shu, Lei},
	journal={KSII Transactions on Internet and Information Systems (TIIS)},
	volume={8},
	number={4},
	pages={1324--1343},
	year={2014}
}

@inproceedings{zhao2011load,
	title={Load migrating for the hot spots in wireless sensor networks using CTP},
	author={Zhao, Jing and Wang, Lei and Yue, Wenlong and Qin, Zhengquan and Zhu, Ming},
	booktitle={2011 Seventh International Conference on Mobile Ad-hoc and Sensor Networks},
	pages={167--173},
	year={2011},
	organization={IEEE}
}

@inproceedings{qin2013practical,
	title={A practical solution to wireless energy transfer in WSNs},
	author={Qin, Zhenquan and Zhou, Chunting and Yu, Yue and Wang, Lei and Sun, Liang and Zhang, Yuanyuan},
	booktitle={ICT Convergence (ICTC), 2013 International Conference on},
	pages={660--665},
	year={2013},
	organization={IEEE}
}

@inproceedings{xu2011experimental,
	title={An experimental study of BATMAN performance in a campus deployment of wireless mesh networks},
	author={Xu, Jiaqi and Wang, Lei and Li, Yongnan and Qin, Zhenquan and Zhu, Ming},
	booktitle={2011 Seventh International Conference on Mobile Ad-hoc and Sensor Networks},
	pages={341--342},
	year={2011},
	organization={IEEE}
}

@inproceedings{pang2011fast,
	title={A Fast Handoff Mechanism with Pre-scanning for Wireless Mesh Networks},
	author={Pang, Chao and Wang, Lei and Xu, Jiaqi and Qin, Zhenquan and Zhu, Ming},
	booktitle={2011 Seventh International Conference on Mobile Ad-hoc and Sensor Networks},
	pages={345--346},
	year={2011},
	organization={IEEE}
}

@inproceedings{su2013maximizing,
	title={Maximizing the network lifetime by using PACO routing algorithm in wireless sensor networks},
	author={Su, Yuhan and Li, Jinxiu and Qin, Zhenquan and Wang, Lei and Zhang, Wenzhe},
	booktitle={China Conference Wireless Sensor Networks},
	pages={155--165},
	year={2013},
	organization={Springer Berlin Heidelberg}
}

@inproceedings{yue2012green,
	title={A green solution for intelligent metropolitan heating system with uSDCards},
	author={Yue, Wenlong and Wang, Lei and Jin, Cheng and Liu, Xiaokang and Zhu, Ming and Qin, Zhenquan and Chen, Canfeng},
	booktitle={2012 IEEE International Conference on Communications (ICC)},
	pages={213--217},
	year={2012},
	organization={IEEE}
}

@inproceedings{chen2004simulation,
	title={Simulation study of TCP behavior over redundant source routing in ad hoc networks},
	author={Chen, Canfeng and Wang, Lei and Liu, Liang and Wu, Weiling},
	booktitle={2004 IEEE Wireless Communications and Networking Conference (IEEE Cat. No. 04TH8733)},
	volume={2},
	pages={1258--1263},
	year={2004},
	organization={IEEE}
}

@inproceedings{qiu2010new,
	title={A new modeling method for vector processor pipeline using queueing network},
	author={Qiu, Tie and Wang, Lei and Guo, He and Liu, Xiaoyan and Feng, Lin and Shu, Lei},
	booktitle={2010 5th International ICST Conference on Communications and Networking in China},
	pages={1--6},
	year={2010},
	organization={IEEE}
}

@inproceedings{wang2011balanced,
	title={A balanced energy consumption solution for wireless sensor networks with failure clusters},
	author={Wang, Wei and Qiu, Tie and Wang, Lei and Xia, Feng and Wu, Guowei},
	booktitle={2011 IEEE International Conference on Computer Science and Automation Engineering},
	volume={4},
	pages={415--419},
	year={2011},
	organization={IEEE}
}

@article{shu2009influence,
	title={Influence of fluctuating temperature on incubation duration and hatchling phenotypes in the Chinese three-keeled pond turtle, Chinemys reevesii},
	author={Shu, Lin and Shen, Jian-Wei and Wang, Lei and Du, Wei-Guo},
	journal={Journal of Zhejiang University(Science Edition)},
	volume={36},
	number={5},
	year={2009},
	publisher={Zhejiang University Press, 20 Yugu Road Hangzhou 310027 People's Republic of~…}
}

@inproceedings{ma2013improving,
	title={Improving the Throughput of Smart Phone Audio-Jack based Gateway for Sensor Networks},
	author={Ma, Can and Wang, Lei and Zhenquan, Qin and Zhu, Ming and Shu, Lei and Ying, Weifeng and Xu, Jiaqi and Chen, Canfeng},
	booktitle={INFOCOM},
	year={2013},
	organization={IEEE}
}

@article{chen2014apropos,
	title={An apropos signal report and adaptive period (ASAP) scheme for fast handover in the fourth-generation wireless networks},
	author={Chen, Jenhui and Yuan, Zhuxiu and Wang, Lei},
	journal={Journal of Network and Computer Applications},
	volume={45},
	pages={15--26},
	year={2014},
	publisher={Elsevier}
}

@inproceedings{zhang2014upmac,
	title={UPMAC: A localized load-adaptive MAC protocol for underwater acoustic networks},
	author={Zhang, Wenzhe and Qin, Zhenquan and Xin, Jiajun and Wang, Lei and Zhu, Ming and Sun, Liang and Shu, Lei},
	booktitle={2014 23rd International Conference on Computer Communication and Networks (ICCCN)},
	pages={1--8},
	year={2014},
	organization={IEEE}
}

@inproceedings{qin2014novel,
	title={A novel approach for spectrum mobility games with priority in Cognitive Radio networks},
	author={Qin, Zhenquan and Lu, Bingxian and Wang, Lei and Zhang, Jianing and Zhu, Ming and Sun, Liang and Shu, Lei},
	booktitle={2014 IEEE International Conference on Communications (ICC)},
	pages={1416--1421},
	year={2014},
	organization={IEEE}
}

@inproceedings{qin2010efficient,
	title={An Efficient Trust Mechanism in P2P Network},
	author={Qin, Zhenquan and Wang, Lei and Li, Mingchu and Sun, Weifeng},
	booktitle={2010 Sixth International Conference on Intelligent Information Hiding and Multimedia Signal Processing},
	pages={731--734},
	year={2010},
	organization={IEEE}
}

@inproceedings{zhu2015measurement,
	title={A measurement study of a campus Wi-Fi network with mixed handheld and non-handheld traffic},
	author={Zhu, Ming and Zeng, Zhicheng and Wang, Lei and Qin, Zhenquan and Pan, An and Zhang, Yuanyuan and Shu, Lei},
	booktitle={Electrical and Computer Engineering (CCECE), 2015 IEEE 28th Canadian Conference on},
	pages={848--853},
	year={2015},
	organization={IEEE}
}

@inproceedings{zeng2015impact,
	title={Impact of Directional Antenna on Physical Layer Authentication},
	author={Zeng, Zhicheng and Zhu, Ming and Wang, Lei and Qin, Zhenquan and Tang, Zhaoshu and Ma, Honglian},
	booktitle={Frontier of Computer Science and Technology (FCST), 2015 Ninth International Conference on},
	pages={65--70},
	year={2015},
	organization={IEEE}
}

@inproceedings{ni2015sociality,
	title={A sociality-aware online AP association algorithm based on spectral clustering},
	author={Ni, Haibo and Wang, Lei and Yang, Zhenjie and Zhu, Ming and Ding, Feng and Qin, Zhenquan},
	booktitle={2015 IEEE 28th Canadian Conference on Electrical and Computer Engineering (CCECE)},
	pages={830--835},
	year={2015},
	organization={IEEE}
}

@article{zhu2014sleep,
	title={Sleep scheduling for geographic routing in duty-cycled mobile sensor networks},
	author={Zhu, Chunsheng and Yang, Laurence T and Shu, Lei and Leung, Victor CM and Rodrigues, Joel JPC and Wang, Lei},
	journal={IEEE Transactions on Industrial Electronics},
	volume={61},
	number={11},
	pages={6346--6355},
	year={2014},
	publisher={IEEE}
}

@article{qin2013overlapping,
	title={An overlapping clustering approach for routing in wireless sensor networks},
	author={Qin, Zhenquan and Ma, Can and Wang, Lei and Xu, Jiaqi and Lu, Bingxian},
	journal={International Journal of Distributed Sensor Networks},
	volume={9},
	number={3},
	pages={867385},
	year={2013},
	publisher={SAGE Publications Sage UK: London, England}
}

@article{zhu2016upmac,
	title={UPMAC: A Localized Load-Adaptive MAC Protocol for Underwater Acoustic Networks},
	author={Zhu, Ming and Zhang, Wenzhe and Jin, Naigao and Qin, Zhenquan and Xin, Jiajun and Wang, Lei},
	journal={IEEE Sensors Journal},
	volume={16},
	number={11},
	pages={4110--4118},
	year={2016},
	publisher={IEEE}
}

@inproceedings{zhang2014inbs,
	title={INBS: An Improved Naive Bayes Simple learning approach for accurate indoor localization},
	author={Zhang, Wenzhe and Wang, Lei and Qin, Zhenquan and Zheng, Xueshu and Sun, Liang and Jin, Naigao and Shu, Lei},
	booktitle={2014 IEEE International Conference on Communications (ICC)},
	pages={148--153},
	year={2014},
	organization={IEEE}
}

@inproceedings{qin2015optimized,
	title={Optimized Periodical Charging in Large-Scale Deployed WSNs},
	author={Qin, Zhenquan and Lu, Bingxian and Zhou, Chunting and Wang, Lei and Zhu, Ming and Shu, Lei and Zhu, Xiaojing},
	booktitle={2015 IEEE Global Communications Conference (GLOBECOM)},
	pages={1--6},
	year={2015},
	organization={IEEE}
}

@inproceedings{zhenquan2010window,
	title={A window-based optimization of energy detection in time-varying channels},
	author={Zhenquan, Qin and Weifeng, Sun and Lei, Wang and others},
	booktitle={International Congress on Ultra Modern Telecommunications and Control Systems},
	pages={952--956},
	year={2010},
	organization={IEEE}
}

@inproceedings{lu2015poster,
	title={Poster: Crowdsourced Location Aware Wi-Fi Access Control},
	author={Lu, Bingxian and Zeng, Zhicheng and Wang, Lei and Peck, Brian and Qiao, Daji},
	booktitle={Proceedings of the 21st Annual International Conference on Mobile Computing and Networking},
	pages={284--286},
	year={2015},
	organization={ACM}
}

@inproceedings{li2015novel,
	title={A Novel Framework for Analysis of Global Network Neutrality Based on Packet Loss Rate},
	author={Li, Di and Tian, Feng and Zhu, Ming and Wang, Lei and Sun, Liang},
	booktitle={2015 International Conference on Cloud Computing and Big Data (CCBD)},
	pages={297--304},
	year={2015},
	organization={IEEE}
}

@article{li2015energy,
	title={Energy-efficient quality of service aware forwarding scheme for Content-Centric Networking},
	author={Li, Chengming and Liu, Wenjing and Wang, Lei and Li, Mingchu and Okamura, Koji},
	journal={Journal of Network and Computer Applications},
	volume={58},
	pages={241--254},
	year={2015},
	publisher={Academic Press}
}

@article{shu2017releasing,
	title={Releasing network isolation problem in group-based industrial wireless sensor networks},
	author={Shu, Lei and Wang, Lei and Niu, Jianwei and Zhu, Chunsheng and Mukherjee, Mithun},
	journal={IEEE Systems Journal},
	volume={11},
	number={3},
	pages={1340--1350},
	year={2017},
	publisher={IEEE}
}

@inproceedings{wang2015novel,
	title={A novel optimization approach for revenue maximization in mobile data pricing},
	author={Wang, Huaying and Wang, Lei and Kong, Fanfu and Sun, Liang and Yong, Jiawei},
	booktitle={2015 IEEE International Conference on Communications (ICC)},
	pages={6918--6923},
	year={2015},
	organization={IEEE}
}

@inproceedings{dong2015pillow,
	title={Pillow Talks: Bits Over Communications in WLAN},
	author={Dong, Xuan and Zhu, Chunsheng and Lv, Shaohe and Wang, Lei and Wang, Xiaodong and Leung, Victor},
	booktitle={Proceedings of the Second Workshop on Mobile Sensing, Computing and Communication},
	pages={19--24},
	year={2015},
	organization={ACM}
}

@inproceedings{fan2011predictive,
	title={Predictive-TDMA: A Markov Chain Based MAC Protocol for Mesh Networks},
	author={Fan, Ziqi and Wang, Lei and Wang, Xiaohui},
	booktitle={2011 IEEE 73rd Vehicular Technology Conference (VTC Spring)},
	pages={1--5},
	year={2011},
	organization={IEEE}
}

@inproceedings{lu2016confining,
	title={Confining Wi-Fi coverage: A crowdsourced method using physical layer information},
	author={Lu, Bingxian and Zeng, Zhicheng and Wang, Lei and Peck, Brian and Qiao, Daji and Segal, Michael},
	booktitle={2016 13th Annual IEEE International Conference on Sensing, Communication, and Networking (SECON)},
	pages={1--9},
	year={2016},
	organization={IEEE}
}

@inproceedings{zhu2016novel,
	title={A novel dual-hydrophone localization method in underwater sensor networks},
	author={Zhu, Sanfeng and Jin, Naigao and Wang, Lei and Zheng, Xueshu and Yang, Shuailing and Zhu, Ming},
	booktitle={2016 IEEE/OES China Ocean Acoustics (COA)},
	pages={1--4},
	year={2016},
	organization={IEEE}
}

@inproceedings{zheng2015poster,
	title={Poster: Distributed Voronoi-based Acoustic Source Localization with Wireless Sensor Networks},
	author={Zheng, Xueshu and Jin, Naigao and Wang, Lei and Wymore, Mathew L and Qiao, Daji},
	booktitle={Proceedings of the 21st Annual International Conference on Mobile Computing and Networking},
	pages={269--271},
	year={2015},
	organization={ACM}
}

@article{wang2012analysis,
	title={An Analysis of Capacity and Delay for the Redundant Multipath Source Routing in Ad hoc Networks.},
	author={Wang, Lei and Yuan, Zhuxiu and Shi, Liang and Jin, Cheng and Liu, Chunlei},
	journal={Adhoc \& Sensor Wireless Networks},
	volume={14},
	year={2012}
}

@inproceedings{zhu2016error,
	title={Error tolerant dual-hydrophone localization in underwater sensor networks},
	author={Zhu, Sanfeng and Jin, Naigao and Wang, Lei and Yang, Shuailing and Zheng, Xueshu and Zhu, Ming and Sun, Liang},
	booktitle={OCEANS 2016-Shanghai},
	pages={1--4},
	year={2016},
	organization={IEEE}
}

@inproceedings{tang2016novel,
	title={A novel link scheduling algorithm for wireless networks using directional antenna},
	author={Tang, Zhaoshu and Zhu, Ming and Wang, Lei and Ma, Honglian},
	booktitle={2016 IEEE Wireless Communications and Networking Conference},
	pages={1--6},
	year={2016},
	organization={IEEE}
}

@inproceedings{qin2016joint,
	title={A joint duty cycle and network coding MAC protocol for underwater wireless sensor networks},
	author={Qin, Zhenquan and Sun, Yingxiao and Sun, Liang and Shu, Lei and Wang, Lei and Zhang, Wenzhe and Lu, Bingxian},
	booktitle={2016 25th International Conference on Computer Communication and Networks (ICCCN)},
	pages={1--9},
	year={2016},
	organization={IEEE}
}

@article{shu2017mobile,
	title={When mobile crowd sensing meets traditional industry},
	author={Shu, Lei and Chen, Yuanfang and Huo, Zhiqiang and Bergmann, Neil and Wang, Lei},
	journal={Ieee Access},
	volume={5},
	pages={15300--15307},
	year={2017},
	publisher={IEEE}
}

@inproceedings{hu2016cii,
	title={CII: A light-weight mechanism for ZigBee performance assurance under WiFi interference},
	author={Hu, Junyu and Qin, Zhenquan and Sun, Yingxiao and Shu, Lei and Lu, Bingxian and Wang, Lei},
	booktitle={2016 25th International Conference on Computer Communication and Networks (ICCCN)},
	pages={1--9},
	year={2016},
	organization={IEEE}
}

@inproceedings{hao2017detecting,
	title={Detecting Crowdsourcing Spammers in Community Question Answering Websites},
	author={Hao, Kaiqing and Wang, Lei},
	booktitle={International Conference on Emerging Internetworking, Data \& Web Technologies},
	pages={412--423},
	year={2017},
	organization={Springer, Cham}
}

@inproceedings{wang2017privacy,
	title={A privacy-reserved approach for message forwarding in opportunistic networks},
	author={Wang, Xiaojie and Wang, Lei and Ning, Zhaolong},
	booktitle={2017 IEEE 31st International Conference on Advanced Information Networking and Applications (AINA)},
	pages={1070--1075},
	year={2017},
	organization={IEEE}
}

@inproceedings{sun2017novel,
	title={A Novel On-Line Association Algorithm in Multiple-AP Wireless LAN},
	author={Sun, Liang and Wang, Lei and Qin, Zhenquan and Ma, Zehao and Yuan, Zhuxiu},
	booktitle={International Conference on Wireless Algorithms, Systems, and Applications},
	pages={890--902},
	year={2017},
	organization={Springer, Cham}
}

@inproceedings{zheng2016diva,
	title={DiVA: Distributed Voronoi-based acoustic source localization with wireless sensor networks},
	author={Zheng, Xueshu and Yang, Shuailing and Jin, Naigao and Wang, Lei and Wymore, Mathew L. and Qiao, Daji},
	booktitle={INFOCOM},
	pages={1--9},
	year={2016},
	organization={IEEE}
}

@inproceedings{zhu2015probability,
	title={A probability-based acoustic source localization scheme using dual-microphone smartphones},
	author={Zhu, Sanfeng and Jin, Naigao and Zheng, Xueshu and Yao, Han and Yang, Shuailing and Wang, Lei},
	booktitle={2015 IEEE International Conference on Communications (ICC)},
	pages={6621--6626},
	year={2015},
	organization={IEEE}
}

@article{wang2018offloading,
	title={Offloading in Internet of vehicles: A fog-enabled real-time traffic management system},
	author={Wang, Xiaojie and Ning, Zhaolong and Wang, Lei},
	journal={IEEE Transactions on Industrial Informatics},
	volume={14},
	number={10},
	pages={4568--4578},
	year={2018},
	publisher={IEEE}
}

@inproceedings{wan2015flow,
	title={Flow-based feasibility test of linear interference alignment with arbitrary interference topology},
	author={Wan, Peng-Jun and Al-Dhelaan, Fahad and Ji, Sai and Wang, Lei and Frieder, Ophir},
	booktitle={2015 IEEE Conference on Computer Communications (INFOCOM)},
	pages={1526--1534},
	year={2015},
	organization={IEEE}
}

@article{guo2018huac,
	title={HuAc: Human Activity Recognition Using Crowdsourced WiFi Signals and Skeleton Data},
	author={Guo, Linlin and Wang, Lei and Liu, Jialin and Zhou, Wei and Lu, Bingxian},
	journal={Wireless Communications and Mobile Computing},
	volume={2018},
	year={2018},
	publisher={Hindawi}
}

@inproceedings{fang2017lfc,
	title={LFC: Adaptive location-based CSI feedback compression for MU-MIMO networks},
	author={Fang, Jian and Wang, Lei and Qin, Zhenquan and Liu, Jialin and Lu, Bingxian},
	booktitle={2017 International Smart Cities Conference (ISC2)},
	pages={1--5},
	year={2017},
	organization={IEEE}
}

@inproceedings{liu2017research,
	title={A research on CSI-based human motion detection in complex scenarios},
	author={Liu, Jialin and Wang, Lei and Guo, Linlin and Fang, Jian and Lu, Bingxian and Zhou, Wei},
	booktitle={2017 IEEE 19th International Conference on e-Health Networking, Applications and Services (Healthcom)},
	pages={1--6},
	year={2017},
	organization={IEEE}
}

@inproceedings{tian2017patching,
	title={Patching Traceroute Using Geographic Information In Neutrality Inference Crowdsourcing},
	author={Tian, Feng and Wang, Lei and Liu, Xinyang and Gao, Shan},
	booktitle={2017 3rd International Conference on Big Data Computing and Communications (BIGCOM)},
	pages={1--9},
	year={2017},
	organization={IEEE}
}


@article{lu2018dynamic,
	title={A Dynamic Self-Adapting Mechanism for ZigBee Performance Assurance Under Wi-Fi Interference},
	author={Lu, Bingxian and Qin, Zhenquan and Sun, Yingxiao and Hu, Junyu and Wang, Lei},
	journal={IEEE Sensors Journal},
	volume={18},
	number={9},
	pages={3900--3909},
	year={2018},
	publisher={IEEE}
}

@inproceedings{huang2015acoustic,
	title={Acoustic source localization with distributed smartphone arrays},
	author={Huang, Jinghong and Jin, Naigao and Wang, Lei and Chen, Xue and Sheng, Xia and Yang, Shuailing and Zhao, Xiangyu and Sun, Liang and Zhu, Ming},
	booktitle={2015 IEEE Global Communications Conference (GLOBECOM)},
	pages={1--6},
	year={2015},
	organization={IEEE}
}

@inproceedings{wan2015new,
	title={A new paradigm for multiflow in wireless networks: Theory and applications},
	author={Wan, Peng-Jun and Xu, Boliu and Wang, Lei and Ji, Sai and Frieder, Ophir},
	booktitle={2015 IEEE Conference on Computer Communications (INFOCOM)},
	pages={1706--1714},
	year={2015},
	organization={IEEE}
}

@inproceedings{tian2015rtda,
	title={RTDA: A Novel Reusable Truthful Double Auction Mechanism for Wireless Spectrum Management},
	author={Tian, Feng and Li, Di and Li, Shuyu and Wang, Lei and Jin, Naigao and Sun, Liang},
	booktitle={International Conference on Big Data Computing and Communications},
	pages={14--27},
	year={2015},
	organization={Springer}
}

@article{fang2018gcc,
	title={GCC: Group-Based CSI Feedback Compression for MU-MIMO Networks},
	author={Fang, Jian and Wang, Lei and Qin, Zhenquan and Liu, Jialin and Lu, Bingxian},
	journal={Mobile Networks and Applications},
	volume={23},
	number={3},
	pages={407--418},
	year={2018},
	publisher={Springer US}
}


@article{li2018optimal,
	title={Optimal Load-Balancing for High-Density Wireless Networks with Flow-Level Dynamics},
	author={Li, Bin and Kong, Xiangqi and Wang, Lei},
	journal={arXiv preprint arXiv:1805.00158},
	year={2018}
}

@article{sun2018novel,
	title={A Novel On-Line Association Algorithm for Supporting Load Balancing in Multiple-AP Wireless LAN},
	author={Sun, Liang and Wang, Lei and Qin, Zhenquan and Yuan, Zhuxiu and Chen, Yuanfang},
	journal={Mobile Networks and Applications},
	pages={1--12},
	year={2018},
	publisher={Springer}
}

@inproceedings{guo2017novel,
	title={A novel benchmark on human activity recognition using WiFi signals},
	author={Guo, Linlin and Wang, Lei and Liu, Jialin and Zhou, Wei and Liu, Bingxian Lu Tao and Li, Guangxu and Li, Chen},
	booktitle={2017 IEEE 19th International Conference on e-Health Networking, Applications and Services (Healthcom)},
	pages={1--6},
	year={2017},
	organization={IEEE}
}

@article{liu2018multi,
	title={Multi-Target Intense Human Motion Analysis and Detection Using Channel State Information},
	author={Liu, Jialin and Wang, Lei and Fang, Jian and Guo, Linlin and Lu, Bingxian and Shu, Lei},
	journal={Sensors},
	volume={18},
	number={10},
	pages={3379},
	year={2018},
	publisher={Multidisciplinary Digital Publishing Institute}
}

@inproceedings{lin2018mts,
	title={mTS: Temporal-and spatial-collaborative charging for wireless rechargeable sensor networks with multiple vehicles},
	author={Lin, Chi and Wang, Zhiyuan and Deng, Jing and Wang, Lei and Ren, Jiankang and Wu, Guowei},
	booktitle={IEEE INFOCOM 2018-IEEE Conference on Computer Communications},
	pages={99--107},
	year={2018},
	organization={IEEE}
}

@inproceedings{chen2017traffic,
	title={Traffic flow prediction with big data: A deep learning based time series model},
	author={Chen, Yuanfang and Shu, Lei and Wang, Lei},
	booktitle={2017 IEEE Conference on Computer Communications Workshops (INFOCOM WKSHPS)},
	pages={1010--1011},
	year={2017},
	organization={IEEE}
}

@inproceedings{sun2018enabling,
	title={Enabling ZigBee Link Performance Robust Under Cross-Technology Interference},
	author={Sun, Yingxiao and Qin, Zhenquan and Hu, Junyu and Wang, Lei and Du, Jiaxin and Ren, Yan},
	booktitle={International Conference on Wireless Algorithms, Systems, and Applications},
	pages={450--461},
	year={2018},
	organization={Springer}
}

@article{wang2018privacy,
	title={A privacy-preserving message forwarding framework for opportunistic cloud of things},
	author={Wang, Xiaojie and Ning, Zhaolong and Zhou, MengChu and Hu, Xiping and Wang, Lei and Hu, Bin and Kwok, Ricky YK and Guo, Yi},
	journal={IEEE Internet of Things Journal},
	volume={5},
	number={6},
	pages={5281--5295},
	year={2018},
	publisher={IEEE}
}

@inproceedings{jin2018robust,
	title={Robust Sequence-Based Localization in Acoustic Sensor Networks},
	author={Jin, Naigao and Zhou, Xin and Wang, Zihan and Liu, Yu and Wang, Lei},
	booktitle={2018 IEEE International Conference on Acoustics, Speech and Signal Processing (ICASSP)},
	pages={3809--3813},
	year={2018},
	organization={IEEE}
}

@inproceedings{lin2018wiau,
	title={WiAU: An Accurate Device-Free Authentication System with ResNet},
	author={Lin, Chi and Hu, Jiaye and Sun, Yu and Ma, Fenglong and Wang, Lei and Wu, Guowei},
	booktitle={2018 15th Annual IEEE International Conference on Sensing, Communication, and Networking (SECON)},
	pages={1--9},
	year={2018},
	organization={IEEE}
}

@article{qin2018lol,
	title={LOL: localization-free online keystroke tracking using acoustic signals},
	author={Qin, Zhenquan and Du, Jiaxin and Han, Guangjie and Yong, Gaopeng and Guo, Linlin and Wang, Lei},
	journal={Soft Computing},
	pages={1--13},
	year={2018},
	publisher={Springer}
}

@article{zhu2018social,
	title={Social sensor cloud: Framework, greenness, issues, and outlook},
	author={Zhu, Chunsheng and Leung, Victor CM and Rodrigues, Joel JPC and Shu, Lei and Wang, Lei and Zhou, Huan},
	journal={IEEE Network},
	volume={32},
	number={5},
	pages={100--105},
	year={2018},
	publisher={IEEE}
}

@inproceedings{zhou2018unmanned,
	title={Unmanned Aerial Vehicle Detection Based on Channel State Information},
	author={Zhou, Wei and Wang, Lei and Lu, Bingxian and Jin, Naigao and Guo, Linlin and Liu, Jialin and Sun, Honglei and Liu, Hui},
	booktitle={2018 IEEE International Conference on Sensing, Communication and Networking (SECON Workshops)},
	pages={1--5},
	year={2018},
	organization={IEEE}
}

@article{liao2016lei,
	title={Lei Shu},
	author={Liao, Wanjiun and Lloret, Jaime and Wang, Lei},
	journal={Int. J. Sensor Networks},
	volume={21},
	number={4},
	pages={205},
	year={2016}
}

@article{sun2019mihbs,
	title={MIHBS: A Mobile Interface of High Bandwidth for Wireless Sensor Networks},
	author={Sun, Liang and Wang, Lei and Fang, Jian and Liu, Jialin and Ma, Can},
	journal={IEEE Access},
	volume={7},
	pages={8235--8244},
	year={2019},
	publisher={IEEE}
}

@article{lu2018lasa,
	title={LaSa: Location Aware Wireless Security Access Control for IoT Systems},
	author={Lu, Bingxian and Wang, Lei and Liu, Jialin and Zhou, Wei and Guo, Linlin and Jeong, Myeong-Hun and Wang, Shaowen and Han, Guangjie},
	journal={Mobile Networks and Applications},
	pages={1--13},
	year={2018},
	publisher={Springer}
}

@article{wang2018city,
	title={A city-wide real-time traffic management system: Enabling crowdsensing in social Internet of vehicles},
	author={Wang, Xiaojie and Ning, Zhaolong and Hu, Xiping and Ngai, Edith C-H and Wang, Lei and Hu, Bin and Kwok, Ricky YK},
	journal={IEEE Communications Magazine},
	volume={56},
	number={9},
	pages={19--25},
	year={2018},
	publisher={IEEE}
}

@inproceedings{lu2018spoofing,
	title={Spoofing Attack Detection Using Physical Layer Information in Cross-Technology Communication},
	author={Lu, Bingxian and Qin, Zhenquan and Yang, Mingyi and Xia, Xu and Zhang, Renjie and Wang, Lei},
	booktitle={2018 15th Annual IEEE International Conference on Sensing, Communication, and Networking (SECON)},
	pages={1--2},
	year={2018},
	organization={IEEE}
}

@article{wang2018privacy,
	title={Privacy-Preserving Content Dissemination for Vehicular Social Networks: Challenges and Solutions},
	author={Wang, Xiaojie and Ning, Zhaolong and Zhou, Meng Chu and Hu, Xiping and Wang, Lei and Zhang, Yan and Yu, Fei Richard and Hu, Bin},
	journal={IEEE Communications Surveys \& Tutorials},
	year={2018},
	publisher={IEEE}
}

@inproceedings{ling2018linca,
	title={LinCa: A Page Loading Time Optimization Approach for Users Subject to Internet Access Restriction},
	author={Ling, Chen and Wang, Lei and Lang, Jun and Xia, Qiufen and Chang, Guoxuan and Wang, Kun and Zhao, Peng},
	booktitle={Companion of the The Web Conference 2018 on The Web Conference 2018},
	pages={69--70},
	year={2018},
	organization={International World Wide Web Conferences Steering Committee}
}