
@Article{	  zhu2014survey,
  title		= {A survey on communication and data management issues in
		  mobile sensor networks},
  author	= {Zhu, Chunsheng and Shu, Lei and Hara, Takahiro and Wang,
		  Lei and Nishio, Shojiro and Yang, Laurence T},
  journal	= {Wireless Communications and Mobile Computing},
  volume	= {14},
  number	= {1},
  pages		= {19--36},
  year		= {2014},
  publisher	= {Wiley Online Library}
}

@InProceedings{	  wan2014least,
  title		= {From least interference-cost paths to maximum (Concurrent)
		  multiflow in MC-MR wireless networks},
  author	= {Wan, Peng-Jun and Wang, Zhu and Wang, Lei and Wan, Zhiguo
		  and Ji, Sai},
  booktitle	= {INFOCOM, 2014 Proceedings IEEE},
  pages		= {334--342},
  year		= {2014},
  organization	= {IEEE}
}

@Article{	  lu2014priority,
  title		= {Priority-based Differentiated Service in Spectrum Mobility
		  Game},
  author	= {Lu, Bingxian and Qin, Zhenquan and Wang, Lei and Sun,
		  Liang and Zhu, Ming and Shu, Lei},
  journal	= {KSII Transactions on Internet and Information Systems
		  (TIIS)},
  volume	= {8},
  number	= {4},
  pages		= {1324--1343},
  year		= {2014}
}

@InCollection{	  su2014maximizing,
  title		= {Maximizing the Network Lifetime by Using PACO Routing
		  Algorithm in Wireless Sensor Networks},
  author	= {Su, Yuhan and Li, Jinxiu and Qin, Zhenquan and Wang, Lei
		  and Zhang, Wenzhe},
  booktitle	= {Advances in Wireless Sensor Networks},
  pages		= {155--165},
  year		= {2014},
  publisher	= {Springer}
}

@Article{	  chen2014apropos,
  title		= {An apropos signal report and adaptive period (ASAP) scheme
		  for fast handover in the fourth-generation wireless
		  networks},
  author	= {Chen, Jenhui and Yuan, Zhuxiu and Wang, Lei},
  journal	= {Journal of Network and Computer Applications},
  volume	= {45},
  pages		= {15--26},
  year		= {2014},
  publisher	= {Elsevier}
}

@InProceedings{	  wan2013maximizing,
  title		= {Maximizing wireless network capacity with linear power:
		  Breaking the logarithmic barrier},
  author	= {Wan, Peng-Jun and Wang, Lei and Ma, Chao and Wang, Zhu and
		  Xu, Boliu and Li, Minming},
  booktitle	= {INFOCOM, 2013 Proceedings IEEE},
  pages		= {135--139},
  year		= {2013},
  organization	= {IEEE}
}

@Article{	  wang2013backoff,
  title		= {A backoff differentiation scheme for contention resolution
		  in wireless converge-cast networks},
  author	= {Wang, Lei and Yuan, Zhuxiu and Qin, Zhenquan and Chen,
		  Yuanfang and Shu, Lei and Li, Xiang-Yang},
  journal	= {Concurrency and Computation: Practice and Experience},
  volume	= {25},
  number	= {1},
  pages		= {112--128},
  year		= {2013},
  publisher	= {Wiley Online Library}
}

@InProceedings{	  shu2013studied,
  title		= {studied wind sensor nodes deployment towards accurate data
		  fusion for ship movement controlling},
  author	= {Shu, Lei and Xiong, Jianbin and Wang, Lei and Niu, Jianwei
		  and Wang, Qinruo},
  booktitle	= {Proceedings of the 12th international conference on
		  Information processing in sensor networks},
  pages		= {339--340},
  year		= {2013},
  organization	= {ACM}
}

@InProceedings{	  yue2013gatewaying,
  title		= {Gatewaying the Wireless Sensor Networks},
  author	= {Yue, Wenlong and Zhang, Yuanyuan and Qin, Zhenquan and
		  Zhu, Ming and Jin, Cheng and Wang, Lei and Shu, Lei and
		  Chen, Canfeng},
  booktitle	= {Mobile Ad-hoc and Sensor Networks (MSN), 2013 IEEE Ninth
		  International Conference on},
  pages		= {61--66},
  year		= {2013},
  organization	= {IEEE}
}

@Article{	  cui2013wireless,
  title		= {Wireless Sensor Networks Based Research Issues in
		  Large-Scale Petrochemical Industries},
  author	= {Cui, Delong and Shu, Lei and Niu, Jianwei and Wang, Lei},
  journal	= {Sensor Letters},
  volume	= {11},
  number	= {9},
  pages		= {1675--1680},
  year		= {2013},
  publisher	= {American Scientific Publishers}
}

@InProceedings{	  ma2013overlapping,
  title		= {An overlapping clustering approach for routing in Wireless
		  Sensor Networks},
  author	= {Ma, Can and Wang, Lei and Xu, Jiaqi and Qin, Zhenquan and
		  Shu, Lei and Wu, Di},
  booktitle	= {Wireless Communications and Networking Conference (WCNC),
		  2013 IEEE},
  pages		= {4375--4380},
  year		= {2013},
  organization	= {IEEE}
}

@InProceedings{	  qin2013practical,
  title		= {A practical solution to wireless energy transfer in WSNs},
  author	= {Qin, Zhenquan and Zhou, Chunting and Yu, Yue and Wang, Lei
		  and Sun, Liang and Zhang, Yuanyuan},
  booktitle	= {ICT Convergence (ICTC), 2013 International Conference on},
  pages		= {660--665},
  year		= {2013},
  organization	= {IEEE}
}

@InProceedings{	  ma2013improving,
  title		= {Improving the Throughput of Smart Phone Audio-Jack based
		  Gateway for Sensor Networks},
  author	= {Ma, Can and Wang, Lei and Zhenquan, Qin and Zhu, Ming and
		  Shu, Lei and Ying, Weifeng and Xu, Jiaqi and Chen,
		  Canfeng},
  booktitle	= {INFOCOM},
  year		= {2013},
  organization	= {IEEE}
}

@Article{	  chen2012proportional,
  title		= {A proportional fairness backoff scheme for funnelling
		  effect in wireless sensor networks},
  author	= {Chen, Yuanfang and Li, Mingchu and Shu, Lei and Wang, Lei
		  and Hara, Takahiro},
  journal	= {Transactions on Emerging Telecommunications Technologies},
  volume	= {23},
  number	= {6},
  pages		= {585--597},
  year		= {2012},
  publisher	= {Wiley Online Library}
}

@InProceedings{	  jin2012fairness,
  title		= {A fairness-aware smart parking scheme aided by parking
		  lots},
  author	= {Jin, Cheng and Wang, Lei and Shu, Lei and Feng, Yuyao and
		  Xu, Xueqing},
  booktitle	= {Communications (ICC), 2012 IEEE International Conference
		  on},
  pages		= {2119--2123},
  year		= {2012},
  organization	= {IEEE}
}

@Article{	  wang2012energy,
  title		= {An Energy-Efficient CKN Algorithm for Duty-Cycled Wireless
		  Sensor Networks},
  author	= {Wang, Lei and Yuan, Zhuxiu and Shu, Lei and Shi, Liang and
		  Qin, Zhenquan},
  journal	= {International Journal of Distributed Sensor Networks},
  volume	= {2012},
  year		= {2012},
  publisher	= {Hindawi Publishing Corporation}
}

@Article{	  ma2012visualising,
  title		= {Visualising wireless sensor networks with NetViewer},
  author	= {Ma, Longhui and Wang, Lei and Shu, Lei and Zhao, Jing and
		  Li, Suran},
  journal	= {International Journal of Ad Hoc and Ubiquitous Computing},
  volume	= {10},
  number	= {1},
  pages		= {1--11},
  year		= {2012},
  publisher	= {Inderscience}
}

@Article{	  qin2012agile,
  title		= {Agile Networking in Smart Grids},
  author	= {Qin, Zhenquan and Zhang, Jianing and Shi, Liang and Wang,
		  Lei and Shu, Lei and Guo, Yuquan},
  journal	= {IEEK Transactions on Smart Processing \& Computing},
  volume	= {1},
  number	= {1},
  pages		= {34--49},
  year		= {2012}
}

@Article{	  xu2012study,
  title		= {Study of impacts of duty-cycle on overlapping multi-hop
		  clustering in wireless sensor networks},
  author	= {XU, Jia-qi and WANG, Lei and MA, Can and SHU, Lei},
  journal	= {The Journal of China Universities of Posts and
		  Telecommunications},
  volume	= {19},
  pages		= {19--91},
  year		= {2012},
  publisher	= {Elsevier}
}

@InProceedings{	  yue2012green,
  title		= {A green solution for intelligent metropolitan heating
		  system with uSDCards},
  author	= {Yue, Wenlong and Wang, Lei and Jin, Cheng and Liu,
		  Xiaokang and Zhu, Ming and Qin, Zhenquan and Chen,
		  Canfeng},
  booktitle	= {Communications (ICC), 2012 IEEE International Conference
		  on},
  pages		= {213--217},
  year		= {2012},
  organization	= {IEEE}
}

@InProceedings{	  yuan2011balanced,
  title		= {A balanced energy consumption sleep scheduling algorithm
		  in wireless sensor networks},
  author	= {Yuan, Zhuxiu and Wang, Lei and Shu, Lei and Hara, Takahiro
		  and Qin, Zhenquan},
  booktitle	= {Wireless Communications and Mobile Computing Conference
		  (IWCMC), 2011 7th International},
  pages		= {831--835},
  year		= {2011},
  organization	= {IEEE}
}

@InProceedings{	  chen2011insights,
  title		= {The Insights of DV-based Localization Algorithms in the
		  Wireless Sensor Networks with Duty-cycled and Radio
		  Irregular Sensors},
  author	= {Chen, Yuanfang and Shu, Lei and Li, Mingchu and Fan, Ziqi
		  and Wang, Lei and Hara, Takahiro},
  booktitle	= {Communications (ICC), 2011 IEEE International Conference
		  on},
  pages		= {1--6},
  year		= {2011},
  organization	= {IEEE}
}

@InProceedings{	  zhu2011sleep,
  title		= {Sleep scheduling towards geographic routing in duty-cycled
		  sensor networks with a mobile sink},
  author	= {Zhu, Chunsheng and Yang, Laurence Tianruo and Shu, Lei and
		  Wang, Lei and Hara, Takahiro},
  booktitle	= {Sensor, Mesh and Ad Hoc Communications and Networks
		  (SECON), 2011 8th Annual IEEE Communications Society
		  Conference on},
  pages		= {158--160},
  year		= {2011},
  organization	= {IEEE}
}

@InProceedings{	  fan2011removing,
  title		= {Removing Heavily Curved Path: Improved DV-Hop Localization
		  in Anisotropic Sensor Networks},
  author	= {Fan, Ziqi and Chen, Yuanfang and Wang, Lei and Shu, Lei
		  and Hara, Takahiro},
  booktitle	= {Mobile Ad-hoc and Sensor Networks (MSN), 2011 Seventh
		  International Conference on},
  pages		= {75--82},
  year		= {2011},
  organization	= {IEEE}
}

@InProceedings{	  yue2011poster,
  title		= {Poster: a green solution for intelligent metropolitan
		  heating system with uSDcard},
  author	= {Yue, Wenlong and Wang, Lei and Zhu, Ming and Qin, Zhenquan
		  and Shu, Lei and Chen, Canfeng},
  booktitle	= {Proceedings of the 9th international conference on Mobile
		  systems, applications, and services},
  pages		= {401--402},
  year		= {2011},
  organization	= {ACM}
}

@InProceedings{	  ma2011geographic,
  title		= {A geographic routing algorithm in duty-cycled sensor
		  networks with mobile sinks},
  author	= {Ma, Can and Wang, Lei and Xu, Jiaqi and Qin, Zhenquan and
		  Zhu, Ming and Shu, Lei},
  booktitle	= {Mobile Ad-hoc and Sensor Networks (MSN), 2011 Seventh
		  International Conference on},
  pages		= {343--344},
  year		= {2011},
  organization	= {IEEE}
}

@Article{	  lin2011data,
  title		= {Data gathering with Multi-attribute Fusion in Wireless
		  Sensor Networks},
  author	= {Lin, Kai and Shu, L and Wang, L and Pathan, Al-Sakib
		  Khan},
  journal	= {Advancements in Distributed Computing and Internet
		  Technologies: Trends and Issues (Edited by Al-Sakib Khan
		  Pathan, Mukaddim Pathan, and Hae Young Lee), ISBN},
  pages		= {978--1},
  year		= {2011}
}

@InProceedings{	  li2011study,
  title		= {A Study on Relationship Migration among Social Networking
		  Providers},
  author	= {Li, Suran and Wang, Lei and Qin, Zhenquan and Ming, Zhu
		  and Shu, Lei},
  booktitle	= {Mobile Ad-hoc and Sensor Networks (MSN), 2011 Seventh
		  International Conference on},
  pages		= {303--309},
  year		= {2011},
  organization	= {IEEE}
}

@InProceedings{	  liu2011mitigating,
  title		= {Mitigating Radio Irregularity Impact: An RSSI Calibration
		  Method for Range-Free Localization in Sensor Networks},
  author	= {Liu, Xiaokang and Wang, Lei and Yuan, Zhuxiu and Chen,
		  Yuanfang and Shu, Lei and Zhu, Chunsheng},
  booktitle	= {Mobile Ad-hoc and Sensor Networks (MSN), 2011 Seventh
		  International Conference on},
  pages		= {160--166},
  year		= {2011},
  organization	= {IEEE}
}

@InProceedings{	  zhao2011load,
  title		= {Load Migrating for the Hot Spots in Wireless Sensor
		  Networks Using CTP},
  author	= {Zhao, Jing and Wang, Lei and Yue, Wenlong and Qin,
		  Zhengquan and Zhu, Ming},
  booktitle	= {Mobile Ad-hoc and Sensor Networks (MSN), 2011 Seventh
		  International Conference on},
  pages		= {167--173},
  year		= {2011},
  organization	= {IEEE}
}

@InProceedings{	  xu2011experimental,
  title		= {An Experimental Study of BATMAN Performance in a Campus
		  Deployment of Wireless Mesh Networks},
  author	= {Xu, Jiaqi and Wang, Lei and Li, Yongnan and Qin, Zhenquan
		  and Zhu, Ming},
  booktitle	= {Mobile Ad-hoc and Sensor Networks (MSN), 2011 Seventh
		  International Conference on},
  pages		= {341--342},
  year		= {2011},
  organization	= {IEEE}
}

@InProceedings{	  pang2011fast,
  title		= {A Fast Handoff Mechanism with Pre-scanning for Wireless
		  Mesh Networks},
  author	= {Pang, Chao and Wang, Lei and Xu, Jiaqi and Qin, Zhenquan
		  and Zhu, Ming},
  booktitle	= {Mobile Ad-hoc and Sensor Networks (MSN), 2011 Seventh
		  International Conference on},
  pages		= {345--346},
  year		= {2011},
  organization	= {IEEE}
}

@InProceedings{	  wang2011balanced,
  title		= {A balanced energy consumption solution for wireless sensor
		  networks with failure clusters},
  author	= {Wang, Wei and Qiu, Tie and Wang, Lei and Xia, Feng and Wu,
		  Guowei},
  booktitle	= {Computer Science and Automation Engineering (CSAE), 2011
		  IEEE International Conference on},
  volume	= {4},
  pages		= {415--419},
  year		= {2011},
  organization	= {IEEE}
}

@InProceedings{	  ma2010netviewer,
  title		= {NetViewer: a universal visualization tool for wireless
		  sensor networks},
  author	= {Ma, Longhui and Wang, Lei and Shu, Lei and Zhao, Jing and
		  Li, Suran and Yuan, Zhuxiu and Ding, Ning},
  booktitle	= {Global Telecommunications Conference (GLOBECOM 2010), 2010
		  IEEE},
  pages		= {1--5},
  year		= {2010},
  organization	= {IEEE}
}

@Article{	  lin2010multi,
  title		= {Multi-attribute data fusion for energy equilibrium routing
		  in wireless sensor networks},
  author	= {Lin, Kai and Wang, Lei and Li, Keqiu and Shu, Lei},
  journal	= {KSII Transactions on Internet and Information Systems
		  (TIIS)},
  volume	= {4},
  number	= {1},
  pages		= {5--24},
  year		= {2010}
}

@InProceedings{	  shu2010impacts,
  title		= {Impacts of duty-cycle on TPGF geographical multipath
		  routing in wireless sensor networks},
  author	= {Shu, Lei and Yuan, Zhuxiu and Hara, Takahiro and Wang, Lei
		  and Zhang, Yan},
  booktitle	= {Quality of Service (IWQoS), 2010 18th International
		  Workshop on},
  pages		= {1--2},
  year		= {2010},
  organization	= {IEEE}
}

@Article{	  zhu2010research,
  title		= {Research issues on mobile sensor networks},
  author	= {Zhu, Chunsheng and Shu, Lei and Hara, Takahiro and Wang,
		  Lei and Nishio, Shojiro},
  journal	= {Communications and Networking in China (CHINACOM), 2010
		  5th International ICST Conference on},
  pages		= {1--6},
  year		= {2010},
  publisher	= {Citeseer}
}

@InProceedings{	  wang2010geographic,
  title		= {Geographic routing in random duty-cycled wireless
		  multimedia sensor networks},
  author	= {Wang, Kun and Wang, Lei and Ma, Can and Shu, Lei and
		  Rodrigues, Joel},
  booktitle	= {GLOBECOM Workshops (GC Wkshps), 2010 IEEE},
  pages		= {230--234},
  year		= {2010},
  organization	= {IEEE}
}

@InProceedings{	  zhao2010survey,
  title		= {A survey of congestion control mechanisms in wireless
		  sensor networks},
  author	= {Zhao, Jing and Wang, Lei and Li, Suran and Liu, Xiaokang
		  and Yuan, Zhuxiu and Gao, Zhengjiu},
  booktitle	= {Intelligent Information Hiding and Multimedia Signal
		  Processing (IIH-MSP), 2010 Sixth International Conference
		  on},
  pages		= {719--722},
  year		= {2010},
  organization	= {IEEE}
}

@InProceedings{	  chen2010sfl,
  title		= {SFL: Energy-Aware Spline Function Localization Scheme for
		  Wireless Sensor Networks},
  author	= {Chen, Yuanfang and Tang, Shaojie and Li, Mo and Kwak, Min
		  Gyung and Wang, Cheng and Wang, Lei},
  booktitle	= {Mobile Ad-hoc and Sensor Networks (MSN), 2010 Sixth
		  International Conference on},
  pages		= {116--121},
  year		= {2010},
  organization	= {IEEE}
}

@InProceedings{	  yuan2010analysis,
  title		= {Analysis on capacity and delay for redundant multiple
		  source routing in mobile ad hoc networks},
  author	= {Yuan, Zhuxiu and Wang, Lei and Meng, Cheng and Liu,
		  Chunlei and Duong, Trung Q and Shu, Lei},
  booktitle	= {GLOBECOM Workshops (GC Wkshps), 2010 IEEE},
  pages		= {158--163},
  year		= {2010},
  organization	= {IEEE}
}

@InProceedings{	  huang2010pervasive,
  title		= {A Pervasive Simplified Method for Human Movement Pattern
		  Assessing},
  author	= {Huang, Mianbo and Zhao, Guoru and Wang, Lei and Yang,
		  Feng},
  booktitle	= {Parallel and Distributed Systems (ICPADS), 2010 IEEE 16th
		  International Conference on},
  pages		= {625--628},
  year		= {2010},
  organization	= {IEEE}
}

@InProceedings{	  zhu2010smac,
  title		= {SMAC-based proportional fairness backoff scheme in
		  wireless sensor networks},
  author	= {Zhu, Chunsheng and Chen, Yuanfang and Wang, Lei and Shu,
		  Lei and Zhang, Yan},
  booktitle	= {Proceedings of the 6th international wireless
		  communications and mobile computing conference},
  pages		= {138--142},
  year		= {2010},
  organization	= {ACM}
}

@Article{	  fan2010impacts,
  title		= {Impacts of Duty-Cycle and Radio Irregularity on HCRL
		  Localization in Wireless Sensor Networks},
  author	= {Fan, Ziqi and Chen, Yuanfang and Shu, Lei and Wang, Lei
		  and Hara, Takahiro and Nishio, Shojiro},
  journal	= {Proceedings of the 18th International Conference on
		  Network Protocols (ICNP 2010), Kyoto, Japan},
  year		= {2010},
  publisher	= {Citeseer}
}

@InProceedings{	  chen2010scheme,
  title		= {The scheme of mitigating the asymmetric links problem in
		  wireless sensor networks},
  author	= {Chen, Yuanfang and Li, Mingchu and Shu, Lei and Wang, Lei
		  and Duong, Trung Q},
  booktitle	= {GLOBECOM Workshops (GC Wkshps), 2010 IEEE},
  pages		= {272--276},
  year		= {2010},
  organization	= {IEEE}
}

@InProceedings{	  chen2010calibration,
  title		= {A calibration scheme based on pool adjacent violators for
		  localization in wireless sensor networks},
  author	= {Chen, Yuanfang and Liu, Xiaokang and Wang, Lei and Shu,
		  Lei and Chao, Han-Chieh},
  booktitle	= {Proceedings of the 6th International Wireless
		  Communications and Mobile Computing Conference},
  pages		= {726--730},
  year		= {2010},
  organization	= {ACM}
}

@InProceedings{	  qiu2010new,
  title		= {A new modeling method for vector processor pipeline using
		  queueing network},
  author	= {Qiu, Tie and Wang, Lei and Guo, He and Liu, Xiaoyan and
		  Feng, Lin and Shu, Lei},
  booktitle	= {Communications and Networking in China (CHINACOM), 2010
		  5th International ICST Conference on},
  pages		= {1--6},
  year		= {2010},
  organization	= {IEEE}
}

@InProceedings{	  shu2009cross,
  title		= {Cross-layer optimized data gathering in wireless
		  multimedia sensor networks},
  author	= {Shu, Lei and Hauswirth, Manfred and Wang, Lei and Zhang,
		  Yan and Park, Jong Hyuk},
  booktitle	= {Computational Science and Engineering, 2009. CSE'09.
		  International Conference on},
  volume	= {2},
  pages		= {961--966},
  year		= {2009},
  organization	= {IEEE}
}

@InProceedings{	  ma2009remote,
  title		= {A remote monitoring system of IDC room based on ZigBee
		  wireless sensor networks},
  author	= {Ma, Shuchao and Zhu, Ming and Wang, Lei and Shu, Lei and
		  Li, Suran and Huang, Shumin},
  booktitle	= {Dependable, Autonomic and Secure Computing, 2009. DASC'09.
		  Eighth IEEE International Conference on},
  pages		= {782--787},
  year		= {2009},
  organization	= {IEEE}
}

@InProceedings{	  yuan2009backoff,
  title		= {A backoff copying scheme for contention resolution in
		  wireless sensor networks},
  author	= {Yuan, Zhuxiu and Xue, Cuiyao and Wang, Lei and Chen,
		  Yuanfang and Sun, Weiping and Shu, Lei},
  booktitle	= {Proceedings of the 4th ACM international workshop on
		  Experimental evaluation and characterization},
  pages		= {81--82},
  year		= {2009},
  organization	= {ACM}
}

@InProceedings{	  chen2009proportional,
  title		= {A proportional fair backoff scheme for wireless sensor
		  networks},
  author	= {Chen, Yuanfang and Li, Mingchu and Wang, Lei and Yuan,
		  Zhuxiu and Sun, Weiping and Zhu, Chunsheng and Zhu, Ming
		  and Shu, Lei},
  booktitle	= {Mobile Adhoc and Sensor Systems, 2009. MASS'09. IEEE 6th
		  International Conference on},
  pages		= {971--976},
  year		= {2009},
  organization	= {IEEE}
}

@InProceedings{	  shu2009visualizing,
  title		= {Visualizing simulation and testbed of wireless sensor
		  networks with NetTopo},
  author	= {Shu, Lei and Hauswirth, Manfred and Wang, Lei and Yuan,
		  Zhuxiu and Chen, Yuanfang},
  booktitle	= {Proceedings of the 4th ACM international workshop on
		  Experimental evaluation and characterization},
  pages		= {99--100},
  year		= {2009},
  organization	= {ACM}
}

@Article{	  zhang2009intelligent,
  title		= {An intelligent and reliable data transmission protocol for
		  highly destructible wireless sensor networks},
  author	= {Zhang, Yi-Ying and Shu, Lei and Park, Myong-Soon and Wang,
		  Lei and Lee, Eun-Mook},
  journal	= {Journal of Internet Technology},
  volume	= {10},
  number	= {5},
  pages		= {539--548},
  year		= {2009}
}

@InProceedings{	  chen2009simulation,
  title		= {Simulation and Testbed Experiments of a Backoff
		  Differentiation Scheme for Sensor Networks},
  author	= {Chen, Yuanfang and Wang, Lei and Yuan, Zhuxiu and Zhu,
		  Chunsheng and Li, Xiang-Yang and SHU, Lei},
  booktitle	= {MobiCom'09 Poster},
  year		= {2009},
  organization	= {ACM}
}

@Article{	  shu2009influence,
  title		= {Influence of fluctuating temperature on incubation
		  duration and hatchling phenotypes in the Chinese
		  three-keeled pond turtle, Chinemys reevesii},
  author	= {Shu, Lin and Shen, Jian-Wei and Wang, Lei and Du,
		  Wei-Guo},
  journal	= {Journal of Zhejiang University(Science Edition)},
  volume	= {36},
  number	= {5},
  year		= {2009},
  publisher	= {Zhejiang University Press, 20 Yugu Road Hangzhou 310027
		  People's Republic of China}
}

@Article{	  shu2008nettopo,
  title		= {NetTopo: beyond simulator and visualizer for wireless
		  sensor networks},
  author	= {Shu, Lei and Wu, Chun and Zhang, Yan and Chen, Jiming and
		  Wang, Lei and Hauswirth, Manfred},
  journal	= {ACM SIGBED Review},
  volume	= {5},
  number	= {3},
  pages		= {2},
  year		= {2008},
  publisher	= {ACM}
}

@InProceedings{	  li2008experimental,
  title		= {Experimental analysis on radio transmission and
		  localization of a Zigbee-based wireless healthcare
		  monitoring platform},
  author	= {Li, Yong-Zheng and Wang, Lei and Wu, Xiao-Ming and Zhang,
		  Yuan-Ting},
  booktitle	= {Information Technology and Applications in Biomedicine,
		  2008. ITAB 2008. International Conference on},
  pages		= {488--490},
  year		= {2008},
  organization	= {IEEE}
}

@InProceedings{	  wang2005redundant,
  title		= {Redundant source routing for real-time services in ad hoc
		  networks},
  author	= {Wang, Lei and Jang, Seungho and Lee, Tae-young},
  booktitle	= {Mobile Adhoc and Sensor Systems Conference, 2005. IEEE
		  International Conference on},
  pages		= {7--pp},
  year		= {2005},
  organization	= {IEEE}
}

@Article{	  shu2004provisioning,
  title		= {Provisioning QoS guarantee by multipath routing and
		  reservation in ad hoc networks},
  author	= {Shu, Yan-Tai and Wang, Guang-Hong and Wang, Lei and Yang,
		  Oliver WW and Fan, Yong-Jie},
  journal	= {Journal of Computer Science and Technology},
  volume	= {19},
  number	= {2},
  pages		= {128--137},
  year		= {2004},
  publisher	= {Springer}
}

@InProceedings{	  chen2004simulation,
  title		= {Simulation study of TCP behavior over redundant source
		  routing in ad hoc networks},
  author	= {Chen, Canfeng and Wang, Lei and Liu, Liang and Wu,
		  Weiling},
  booktitle	= {IEEE Wireless Communications and Networking Conference},
  pages		= {1258--1263},
  year		= {2004}
}

@Article{	  shu2003adaptive,
  title		= {Adaptive routing in ad hoc networks},
  author	= {Shu, Yantai and Yang, Oliver and Wang, Lei},
  journal	= {Mohammand llyas. The Handbook of Ad Hoc Wireless
		  Networks},
  year		= {2003},
  publisher	= {Washing, DC: CRC press}
}

@InProceedings{	  wang2003multipath,
  title		= {Multipath bandwidth splitting reservation in ad hoc
		  networks},
  author	= {Wang, Guanghong and Shu, Yantai and Fan, Yongjie and Wang,
		  Lei and Yang, Oliver WW},
  booktitle	= {Personal, Indoor and Mobile Radio Communications, 2003.
		  PIMRC 2003. 14th IEEE Proceedings on},
  volume	= {3},
  pages		= {2621--2625},
  year		= {2003},
  organization	= {IEEE}
}

@TechReport{	  wang2003redundant,
  title		= {Redundant source routing in ad hoc networks. Internal
		  Technical Document},
  author	= {Wang, Lei and Chen, Canfeng},
  year		= {2003},
  institution	= {ITD-03-44902G, Lucent Technologies}
}

@Article{	  shu2002multipath,
  title		= {Multipath source routing in wireless ad hoc networks},
  author	= {Shu, Y-t and Gao, D-y and Wang, Lei},
  journal	= {ACTA Electronica Sinica},
  volume	= {30},
  number	= {2},
  pages		= {279--282},
  year		= {2002},
  publisher	= {CHINESE INSTITUTE OF ELECRONICS BEIJING}
}

@InProceedings{	  zhang2002load,
  title		= {Load balancing of multipath source routing in ad hoc
		  networks},
  author	= {Zhang, Lianfang and Zhao, Zenghua and Shu, Yantai and
		  Wang, Lei and Yang, Oliver WW},
  booktitle	= {Communications, 2002. ICC 2002. IEEE International
		  Conference on},
  volume	= {5},
  pages		= {3197--3201},
  year		= {2002},
  organization	= {IEEE}
}


@InProceedings{	  wang2001adaptive,
  title		= {Adaptive multipath source routing in ad hoc networks},
  author	= {Wang, Lei and Shu, Yantai and Dong, Miao and Zhang,
		  Lianfang and Yang, Oliver WW},
  booktitle	= {Communications, 2001. ICC 2001. IEEE International
		  Conference on},
  volume	= {3},
  pages		= {867--871},
  year		= {2001},
  organization	= {IEEE}
}

@Article{	  shu2001internet,
  title		= {Internet traffic modeling and prediction using FARIMA
		  models},
  author	= {Shu, Yan Tai and Wang, Lei and Zhang, Lian Fang and Xue,
		  Fei and Jin, Zhi Gang and Yang, O},
  journal	= {CHINESE JOURNAL OF COMPUTERS-CHINESE EDITION-},
  volume	= {24},
  number	= {1},
  pages		= {46--54},
  year		= {2001},
  publisher	= {SCIENCE PRESS}
}

@InProceedings{	  wang2000study,
  title		= {A study of measurement-based Web prefetch control},
  author	= {Wang, Lei and Zhang, Lianfang and Shu, Yantai and Dong,
		  Miao and Yang, Oliver WW},
  booktitle	= {Electrical and Computer Engineering, 2000 Canadian
		  Conference on},
  volume	= {1},
  pages		= {204--208},
  year		= {2000},
  organization	= {IEEE}
}

@InProceedings{	  wang2000multipath,
  title		= {Multipath source routing in wireless ad hoc networks},
  author	= {Wang, Lei and Zhang, Lianfang and Shu, Yantai and Dong,
		  Miao},
  booktitle	= {Electrical and Computer Engineering, 2000 Canadian
		  Conference on},
  volume	= {1},
  pages		= {479--483},
  year		= {2000},
  organization	= {IEEE}
}

@InProceedings{	  shu1999traffic,
  title		= {Traffic prediction using FARIMA models},
  author	= {Shu, Yantai and Jin, Zhigang and Zhang, Lianfang and Wang,
		  Lei and Yang, Oliver WW},
  booktitle	= {Communications, 1999. ICC'99. 1999 IEEE International
		  Conference on},
  volume	= {2},
  pages		= {891--895},
  year		= {1999},
  organization	= {IEEE}
}
